@Article{Hindelang2024,
  author    = {Hindelang, Michael and Wecker, Hannah and Biedermann, Tilo and Zink, Alexander},
  journal   = {Health Informatics Journal},
  title     = {Continuously monitoring the human machine? – A cross-sectional study to assess the acceptance of wearables in Germany},
  year      = {2024},
  issn      = {1741-2811},
  month     = {4},
  number    = {2},
  volume    = {30},
  doi       = {10.1177/14604582241260607},
  issue     = {2},
  publisher = {SAGE Publications},
}

@Article{Babu2024,
  author    = {Babu, Mohan and Lautman, Ziv and Lin, Xiangping and Sobota, Milan H.B. and Snyder, Michael P.},
  journal   = {Annual Review of Medicine},
  title     = {Wearable Devices: Implications for Precision Medicine and the Future of Health Care},
  year      = {2024},
  issn      = {1545-326X},
  month     = {1},
  number    = {1},
  pages     = {401-415},
  volume    = {75},
  doi       = {10.1146/annurev-med-052422-020437},
  issue     = {1},
  publisher = {Annual Reviews},
}

@Article{Gao2024,
  author    = {Gao, Ziyan and Zhou, Yang and Zhang, Jin and Foroughi, Javad and Peng, Shuhua and Baughman, Ray H. and Wang, Zhong Lin and Wang, Chun H.},
  journal   = {Advanced Materials},
  title     = {Advanced Energy Harvesters and Energy Storage for Powering Wearable and Implantable Medical Devices},
  year      = {2024},
  issn      = {1521-4095},
  month     = {7},
  doi       = {10.1002/adma.202404492},
  publisher = {Wiley},
}

@Article{Iqbal2016,
  author    = {Iqbal, Mohammed H and Aydin, Abdullatif and Brunckhorst, Oliver and Dasgupta, Prokar and Ahmed, Kamran},
  journal   = {Journal of the Royal Society of Medicine},
  title     = {A review of wearable technology in medicine},
  year      = {2016},
  issn      = {1758-1095},
  month     = {10},
  number    = {10},
  pages     = {372--380},
  volume    = {109},
  doi       = {10.1177/0141076816663560},
  issue     = {10},
  publisher = {SAGE Publications},
}

@Article{Lu2020,
  author    = {Lu, Lin and Zhang, Jiayao and Xie, Yi and Gao, Fei and Xu, Song and Wu, Xinghuo and Ye, Zhewei},
  journal   = {JMIR mHealth and uHealth},
  title     = {Wearable Health Devices in Health Care: Narrative Systematic Review},
  year      = {2020},
  issn      = {2291-5222},
  month     = {11},
  number    = {11},
  pages     = {e18907},
  volume    = {8},
  doi       = {10.2196/18907},
  issue     = {11},
  publisher = {JMIR Publications Inc.},
}

@Article{Cusack2024,
  author    = {Cusack, N. M. and Venkatraman, P. D. and Raza, U. and Faisal, A.},
  journal   = {ECS Sensors Plus},
  title     = {Review—Smart Wearable Sensors for Health and Lifestyle Monitoring: Commercial and Emerging Solutions},
  year      = {2024},
  issn      = {2754-2726},
  month     = {3},
  number    = {1},
  pages     = {017001},
  volume    = {3},
  doi       = {10.1149/2754-2726/ad3561},
  issue     = {1},
  publisher = {The Electrochemical Society},
}

@Article{Luo2024,
  author    = {Luo, Xiao and Tan, Handong and Wen, Weijia},
  journal   = {Bioengineering},
  title     = {Recent Advances in Wearable Healthcare Devices: From Material to Application},
  year      = {2024},
  issn      = {2306-5354},
  month     = {4},
  number    = {4},
  pages     = {358},
  volume    = {11},
  doi       = {10.3390/bioengineering11040358},
  issue     = {4},
  publisher = {MDPI AG},
  url       = {https://www.mdpi.com/2306-5354/11/4/358},
}

@InBook{Veeravalli2017,
  author    = {Veeravalli, Bharadwaj and Deepu, Chacko John and Ngo, DuyHoa},
  pages     = {403--426},
  publisher = {Springer International Publishing},
  title     = {Real-Time, Personalized Anomaly Detection in Streaming Data for Wearable Healthcare Devices},
  year      = {2017},
  isbn      = {9783319582801},
  booktitle = {Handbook of Large-Scale Distributed Computing in Smart Healthcare},
  doi       = {10.1007/978-3-319-58280-1_15},
  issn      = {2364-9496},
  journal   = {Handbook of Large-Scale Distributed Computing in Smart Healthcare},
}

@Article{Nahavandi2022,
  author    = {Nahavandi, Darius and Alizadehsani, Roohallah and Khosravi, Abbas and Acharya, U Rajendra},
  journal   = {Computer Methods and Programs in Biomedicine},
  title     = {Application of artificial intelligence in wearable devices: Opportunities and challenges},
  year      = {2022},
  issn      = {0169-2607},
  month     = {1},
  pages     = {106541},
  volume    = {213},
  doi       = {10.1016/j.cmpb.2021.106541},
  publisher = {Elsevier BV},
  url       = {https://linkinghub.elsevier.com/retrieve/pii/S0169260721006155},
}

@Article{Guk2019,
  author    = {Guk, Kyeonghye and Han, Gaon and Lim, Jaewoo and Jeong, Keunwon and Kang, Taejoon and Lim, Eun-Kyung and Jung, Juyeon},
  journal   = {Nanomaterials},
  title     = {Evolution of Wearable Devices with Real-Time Disease Monitoring for Personalized Healthcare},
  year      = {2019},
  issn      = {2079-4991},
  month     = {5},
  number    = {6},
  pages     = {813},
  volume    = {9},
  doi       = {10.3390/nano9060813},
  issue     = {6},
  publisher = {MDPI AG},
  url       = {https://www.mdpi.com/2079-4991/9/6/813},
}

@Misc{Saifuzzaman2021,
  author        = {Saifuzzaman, Munshi and Ananna, Tajkia Nuri and Chowdhury, Mohammad Jabed Morshed and Ferdous, Md Sadek and Chowdhury, Farida},
  month         = {9},
  title         = {A Systematic Literature Review on Wearable Health Data Publishing under Differential Privacy},
  year          = {2021},
  archiveprefix = {arxiv},
  copyright     = {Creative Commons Attribution 4.0 International},
  doi           = {10.48550/ARXIV.2109.07334},
  eprint        = {2109.07334},
  keywords      = {Cryptography and Security (cs.CR), Computers and Society (cs.CY), FOS: Computer and information sciences, FOS: Computer and information sciences},
  publisher     = {arXiv},
}

@Article{Ates2022,
  author    = {Ates, H. Ceren and Nguyen, Peter Q. and Gonzalez-Macia, Laura and Morales-Narváez, Eden and Güder, Firat and Collins, James J. and Dincer, Can},
  journal   = {Nature Reviews Materials},
  title     = {End-to-end design of wearable sensors},
  year      = {2022},
  issn      = {2058-8437},
  month     = {7},
  number    = {11},
  pages     = {887--907},
  volume    = {7},
  doi       = {10.1038/s41578-022-00460-x},
  issue     = {11},
  publisher = {Springer Science and Business Media LLC},
  url       = {https://www.nature.com/articles/s41578-022-00460-x},
}

@Misc{EuropeanUnion2021,
  author  = {{European Union}},
  title   = {Regulation (EU) 2021/2282},
  year    = {2021},
  journal = {EUR-Lex},
  pages   = {32},
  url     = {https://eur-lex.europa.eu/legal-content/EN/TXT/PDF/?uri=OJ:L:2021:458:FULL},
}

@book{ISO2015,
   author = {ISO},
   city = {Geneva},
   edition = {5},
   pages = {29},
   title = {ISO 9001:2015 - Quality management systems - Requirements},
   year = {2015},
}

@book{ISO2020,
   author = {ISO},
   city = {Geneva},
   edition = {3},
   title = {ISO 14155 - Clinical Investigation of Medical Devices for Human Subjects - Good Clinical Practice.},
   year = {2020},
}

@book{ISO2016,
   author = {ISO},
   city = {Geneva},
   edition = {3},
   pages = {36},
   title = {ISO 13485 - Medical Devices - Quality Management Systems - Requirements for Regulatory Purposes},
   year = {2016},
}

@book{ISO2018,
   author = {ISO},
   city = {Geneva},
   edition = {5},
   title = {Biological Evaluation of Medical Devices - Part 1: Evaluation and Testing Within a Risk Management Process},
   year = {2018},
}

@book{IEC2012,
   author = {IEC},
   edition = {3},
   title = {Medical Electrical Equipment - Part 1: General Requirements for Basic Safety and Essential Performance},
   year = {2012},
}

@book{FDA2016,
   author = {FDA},
   pages = {30},
   title = {Postmarket Management of Cybersecurity in Medical Devices - Guidance for Industry and Food and Drug Administration Staﬀ},
   url = {https://www.fda.gov/files/medical devices/published/Postmarket-Management-of-Cybersecurity-in-Medical-Devices---Guidance-for-Industry-and-Food-and-Drug-Administration-Staff.pdf},
   year = {2016},
}

@book{FDA2023,
   author = {FDA},
   pages = {53},
   title = {Cybersecurity in Medical Devices: Quality System Considerations and Content of Premarket Submissions - Guidance for Industry and Food and Drug Administration Staff},
   url = {https://www.fda.gov/media/119933/download},
   year = {2023},
}

@Book{IEC2006,
  author   = {IEC},
  title    = {IEC 62304:2006 Medical Device Software: Software Life Cycle Processes},
  year     = {2006},
  edition  = {1},
  pages    = {151},
  priority = {prio3},
  url      = {https://www.iso.org/standard/38421.html},
}

@Book{ISO2019,
  author  = {ISO},
  title   = {ISO 14971:2019 Medical Devices: Application of Risk Management to Medical Devices.},
  year    = {2019},
  edition = {3},
  city    = {London},
  pages   = {96},
  url     = {https://www.iso.org/standard/72704.html},
}

@Article{Ravizza2019,
  author    = {Ravizza, Alice and De Maria, Carmelo and Di Pietro, Licia and Sternini, Federico and Audenino, Alberto L. and Bignardi, Cristina},
  journal   = {Frontiers in Bioengineering and Biotechnology},
  title     = {Comprehensive Review on Current and Future Regulatory Requirements on Wearable Sensors in Preclinical and Clinical Testing},
  year      = {2019},
  issn      = {2296-4185},
  month     = {11},
  volume    = {7},
  doi       = {10.3389/fbioe.2019.00313},
  publisher = {Frontiers Media SA},
}

@Misc{EuropeanUnion2024,
  author  = {{European Union}},
  title   = {Regulation (EU) 2017/745},
  year    = {2024},
  journal = {EUR-Lex},
  url     = {https://eur-lex.europa.eu/legal-content/EN/TXT/?uri=CELEX%3A02017R0745-20240709},
}

@Article{Dias2018,
  author    = {Dias, Duarte and Paulo Silva Cunha, João},
  journal   = {Sensors},
  title     = {Wearable Health Devices—Vital Sign Monitoring, Systems and Technologies},
  year      = {2018},
  issn      = {1424-8220},
  month     = {7},
  number    = {8},
  pages     = {2414},
  volume    = {18},
  doi       = {10.3390/s18082414},
  issue     = {8},
  publisher = {MDPI AG},
  url       = {https://www.mdpi.com/1424-8220/18/8/2414},
}

@Standard{IEEE2024,
  title    = {IEEE/UL Standard for Clinical Internet of Things (IoT) Data and Device Interoperability with TIPPSS--Trust, Identity, Privacy, Protection, Safety, and Security},
  author   = {IEEE},
  year     = {2024},
  doi      = {10.1109/IEEESTD.2024.10697446},
  journal  = {IEEE Std 2933-2024/UL 2933:2024},
  keywords = {IEEE Standards,Internet of Medical,Medical devices},
  pages    = {1-274},
}

@Standard{IEEE2021,
  title    = {IEEE Standard for Open Mobile Health Data},
  author   = {IEEE},
  year     = {2021},
  doi      = {10.1109/IEEESTD.2021.9540821},
  journal  = {IEEE Std 1752.1-2021},
  keywords = {IEEE Standards,Mobile applications,Wearable comput},
  pages    = {1-24},
}

@Standard{IEEE2022,
  title     = {IEEE Standard for Wearable Consumer Electronic Devices--Overview and Architecture},
  author    = {IEEE},
  month     = {2},
  url       = {https://ieeexplore.ieee.org/document/9762855/},
  year      = {2022},
  city      = {Piscataway, NJ, USA},
  doi       = {10.1109/IEEESTD.2022.9762855},
  isbn      = {978-1-5044-8293-6},
  journal   = {IEEE Std 360-2022},
  keywords  = {Consumer electronics,IEEE Standards,Wearable compu},
  pages     = {1-35},
  publisher = {IEEE},
}

@InProceedings{Hemapriya2017,
  author    = {Hemapriya, D. and Viswanath, Pavithra and Mithra, V. M. and Nagalakshmi, S. and Umarani, G.},
  booktitle = {2017 International Conference on Innovations in Green Energy and Healthcare Technologies (IGEHT)},
  title     = {Wearable medical devices — Design challenges and issues},
  year      = {2017},
  month     = {3},
  pages     = {1--6},
  publisher = {IEEE},
  doi       = {10.1109/igeht.2017.8094096},
  isbn      = {978-1-5090-5778-8},
  url       = {http://ieeexplore.ieee.org/document/8094096/},
}

@Article{Khan2016,
  author    = {Khan, Yasser and Ostfeld, Aminy E. and Lochner, Claire M. and Pierre, Adrien and Arias, Ana C.},
  journal   = {Advanced Materials},
  title     = {Monitoring of Vital Signs with Flexible and Wearable Medical Devices},
  year      = {2016},
  issn      = {1521-4095},
  month     = {6},
  number    = {22},
  pages     = {4373--4395},
  volume    = {28},
  doi       = {10.1002/adma.201504366},
  issue     = {22},
  publisher = {Wiley},
}

@Article{Degerli2020,
  author    = {Degerli, Mustafa and Ozkan Yildirim, Sevgi},
  journal   = {Universal Access in the Information Society},
  title     = {Identifying critical success factors for wearable medical devices: a comprehensive exploration},
  year      = {2020},
  issn      = {1615-5297},
  month     = {3},
  number    = {1},
  pages     = {121--143},
  volume    = {21},
  doi       = {10.1007/s10209-020-00763-2},
  issue     = {1},
  publisher = {Springer Science and Business Media LLC},
}

@Misc{Fotiadis2006,
  author    = {Fotiadis, Dimitrios I. and Glaros, Constantine and Likas, Aristidis},
  month     = {4},
  title     = {Wearable Medical Devices},
  year      = {2006},
  doi       = {10.1002/9780471740360.ebs1326},
  isbn      = {9780471740360},
  journal   = {Wiley Encyclopedia of Biomedical Engineering},
  publisher = {Wiley},
}

@Comment{jabref-meta: databaseType:bibtex;}
